@online{digital55,
  author = {{DIGITAL55}},
  title = {{Qué es PWA: características, ventajas y desventajas}},
  year = {2020},
  month = {June 5},
  url = {https://digital55.com/blog/que-es-pwa-ventajas-desventajas/}
}

@online{cyberstream,
  author = {Cyberstream},
  title = {Explorando la navegación offline: Accede a la web sin conexión a Internet},
  organization = {Byron Vargas ®},
  year = {2023},
  month = {December 5},
  url = {https://www.byronvargas.com/web/como-navegar-por-la-web-sin-internet/}
}

@online{linkedin,
  author = {{Learn about the benefits, challenges, and strategies of caching data in a network to improve your network performance and scalability}},
  title = {What are the most effective strategies of caching data in a network?},
  year = {2023},
  month = {November 6},
  organization = {Linkedin.com},
  url = {https://www.linkedin.com/advice/0/what-most-effective-strategies-caching-data-network-bzhqe#:~:text=Caching%20in%20a%20network%20can,server%20load%2C%20and%20network%20traffic}
}

@online{fili,
  author = {Fili Santillán},
  title = {Estado Online y Offline con JavaScript},
  year = {2015},
  month = {October 28},
  url = {https://filisantillan.com/blog/online-y-offline-con-javascript/}
}

@online{techtarget,
  author = {Brans, P.},
  title = {cache server},
  year = {2023},
  organization = {WhatIs; TechTarget},
  url = {https://www.techtarget.com/whatis/definition/cache-server}
}
