@online{webdev,
  author  = {{web.dev}},
  title   = {Service workers},
  year    = {(2021)},
  url     = {https://web.dev/learn/pwa/service-workers},
}

@online{mdnsw,
  author  = {{MDN Web Docs}},
  title   = {Service Worker API - Web APIs},
  year    = {(2024, February 8)},
  url     = {https://developer.mozilla.org/en-US/docs/Web/API/Service_Worker_API},
}
