@online{latexproject,
  author  = {{DIGITAL55}},
  title   = {{Qué es PWA: características, ventajas y desventajas}},
  year    = {(2020, June 5)},
  url     = {https://digital55.com/blog/que-es-pwa-ventajas-desventajas/},
}

@online{latexproject2,
  author  = {{Arimetrics}},
  title   = {{Qué es Aplicación Web Progresiva (PWA) - Definición}},
  year    = {(2020, January 28)},
  url     = {https://www.arimetrics.com/glosario-digital/aplicacion-web-progresiva-pwa/},
}

@online{latexproject3,
  author  = {{Amazon Web Services, Inc.}},
  title   = {{Comparación entre aplicaciones web, aplicaciones nativas y aplicaciones híbridas - Comparación entre los diferentes tipos de aplicaciones - AWS.}},
  year    = {(2023)},
  url     = {https://aws.amazon.com/es/compare/the-difference-between-web-apps-native-apps-and-hybrid-apps/},
}

@online{latexproject4,
  author  = {{EmployIT.}},
  title   = {{Diferencias entre Aplicaciones webs progresivas y Aplicaciones móviles nativas}},
  year    = {(2022, November 16)},
  url     = {https://es.linkedin.com/pulse/diferencias-entre-aplicaciones-webs-progresivas-y-m%C3%B3viles-nativas-?trk=pulse-article_more-articles_related-content-card/},
}


@online{latexproject5,
  author  = {{Altamira Online.}},
  title   = {{Agencia SEO de Marketing Online Altamiraweb}},
  year    = {(2021, August 12)},
  url     = {https://altamiraweb.net/mejores-herramientas-para-crear-web-apps-progresiva/},
}

@online{latexproject6,
  author  = {{ BBVA API Market.}},
  title   = {{Requisitos imprescindibles para implementar Progressive Web Apps}},
  year    = {(2020)},
  url     = {https://www.bbvaapimarket.com/es/mundo-api/requisitos-imprescindibles-para-implementar-progressive-web-apps/},
}
Requisitos imprescindibles para implementar Progressive Web Apps. (2020). BBVA API_Market. https://www.bbvaapimarket.com/es/mundo-api/requisitos-imprescindibles-para-implementar-progressive-web-apps/

‌


‌
‌
‌